<?xml version="1.0" encoding="UTF-8"?><collection xmlns="http://www.loc.gov/MARC21/slim"><record><leader>00593nam--2200181-i-4500</leader><controlfield tag="001">000032378</controlfield><controlfield tag="002">20161230</controlfield><controlfield tag="005">20161230201039</controlfield><controlfield tag="008">060222s1000------------r-----000-0-eng-d</controlfield><datafield ind1=" " ind2=" " tag="040"><subfield code="a">IFIN-HH</subfield></datafield><datafield ind1=" " ind2=" " tag="080"><subfield code="a">534:531(061.3)</subfield></datafield><datafield ind1="1" ind2=" " tag="100"><subfield code="a">Muller, E.A</subfield></datafield><datafield ind1="1" ind2="0" tag="245"><subfield code="a">Mechanics of sound generation in flows</subfield><subfield code="b">Joint symposium gottingen/germany august 28-31, 1979.max-planck-institut fur stromungsforscung</subfield><subfield code="c">E.-A. MULLER (Ed.)</subfield></datafield><datafield ind1=" " ind2=" " tag="260"><subfield code="a">Berlin, Springer-verlag, 1979</subfield></datafield><datafield ind1=" " ind2=" " tag="300"><subfield code="a">XV+300P</subfield></datafield><datafield ind1=" " ind2=" " tag="490"><subfield code="a">IUTAM/ICA/AIAA-Symposium Gotingen 1979</subfield></datafield><datafield ind1=" " ind2=" " tag="852"><subfield code="a">47433</subfield><subfield code="c">534</subfield></datafield><datafield ind1=" " ind2=" " tag="CAT"><subfield code="a">Sys</subfield><subfield code="c">20101008</subfield><subfield code="h">123106</subfield></datafield></record></collection>